% Pub sub survey
@article{eugster2003many,
  title={{The many faces of publish/subscribe}},
  author={Eugster, Patrick Th and Felber, Pascal A and Guerraoui, Rachid and Kermarrec, Anne-Marie},
  journal={ACM Computing Surveys (CSUR)},
  volume={35},
  number={2},
  pages={114--131},
  year={2003},
  publisher={ACM}
}

@misc{redis,
    title={{redis pubsub}},
    author={{redislabs, Salvatore Sanfilippo}},
    howpublished={http://redis.io/topics/pubsub},
    year={2016}
}

% mqtt
@article{locke2010mq,
  title={{Mq telemetry transport (mqtt) v3. 1 protocol specification}},
  author={Locke, Dave},
  journal={IBM developerWorks Technical Library], available at http://www. ibm. com/developerworks/webservices/library/ws-mqtt/index. html},
  year={2010}
}

% mqtt-sn
@inproceedings{hunkeler2008mqtt,
  title={{MQTT-Sâ€”A publish/subscribe protocol for Wireless Sensor Networks}},
  author={Hunkeler, Urs and Truong, Hong Linh and Stanford-Clark, Andy},
  booktitle={Communication systems software and middleware and workshops, 2008. comsware 2008. 3rd international conference on},
  pages={791--798},
  year={2008},
  organization={IEEE}
}

@inproceedings{kreps2011kafka,
  title={Kafka: A distributed messaging system for log processing},
  author={Kreps, Jay and Narkhede, Neha and Rao, Jun and others},
  year={2011},
  organization={NetDB}
}

@article{saint2011extensible,
  title={Extensible messaging and presence protocol (XMPP): Core},
  author={Saint-Andre, Peter},
  year={2011}
}
